@book{maly,
    author    = "Martin Malý",
    title     = "Hradla, volty, jednočipy: úvod do bastlení",
    year      = "2017",
    publisher = "CZ.NIC",
    address   = "Praha",
    isbn      = "978-80-88168-23-2",
}

@book{ucebnice,
    author    = "Oldřich Lepil, Přemysl Šedivý",
    title     = "Fyzika pro gymnázia: elektřina a magmetismus",
    year      = "2000",
    publisher = "Prometheus",
    address   = "Praha",
    isbn      = "80-7196-202-3",
}

@book{polovodicovatechnika,
    author    = "Milan Syrovátko, Boleslav Černoch",
    title     = "Polovodičová technika",
    year      = "1987",
    publisher = "SNTL - Nakladatelství technické literatury",
    address   = "Praha",
}

@book{šrait,
    author    = "Pavel Šrait",
    title     = "Od krystalky k modelům s tranzistory",
    year      = "1979",
    publisher = "SNTL - Nakladatelství technické literatury",
    address   = "Praha",
}

@misc{techtutorials,
    author    = "Nuno Santos",
    title     = "techtutorialsx",
    url       = "https://techtutorialsx.com/"
}

@misc{medium,
    author    = "Jingga Mutiara Windyarahma",
    title     = "Save Data Input to SPIFFS with ESP32 and Arduino IDE",
    url       = "https://medium.com/@ladolcefarniente/save-data-input-to-spiffs-with-esp32-and-arduino-ide-9e37011d7a91"
}

@misc{stack,
    title     = "Arduino converting value from file.read() to const char*",
    url       = "https://stackoverflow.com/questions/61987375/arduino-converting-value-from-file-read-to-const-char"
}
